1999-01-01 open Assets:BankOfBean
1999-01-01 open Income:Farm
1999-01-01 open Expenses:Bean

1999-12-01 *
    Income:Farm                               -50.00 USD
    Assets:BankOfBean                          50.00 USD

2000-01-01 custom "autobean.xcheck" "_statement.bean" 2000-02-01 Assets:BankOfBean

2000-01-02 *
    Income:Farm                               -50.00 USD
    Assets:BankOfBean                          50.00 USD

2000-01-02 *
    Assets:BankOfBean                        -100.00 USD
    Expenses:Bean                             100.00 USD

2000-01-03 *
    Assets:BankOfBean                         -30.00 USD
    Expenses:Bean                              30.00 USD
    Assets:BankOfBean                         -30.00 EUR
    Expenses:Bean                              30.00 EUR

2000-02-01 *
    Income:Farm                               -50.00 USD
    Assets:BankOfBean                          50.00 USD
