2000-01-01 open Assets:BankOfBean:JointAccount
2000-01-01 open Expenses:Bean

2000-01-01 * 
  Assets:BankOfBean:JointAccount  -110.00 USD
  Expenses:Bean                    100.00 EUR @ 1.10 USD

2000-01-02 * 
  Assets:BankOfBean:JointAccount  -110.00 USD
  Expenses:Bean                    100.00 EUR @ 1.1 USD

2000-01-03 * 
  Assets:BankOfBean:JointAccount  -110.00 USD
  Expenses:Bean                    100.00 EUR {1.10 USD, 2000-01-03}

2000-01-04 * 
  Assets:BankOfBean:JointAccount  -110.00 USD
  Expenses:Bean                    100.00 EUR {1.10 USD, 2000-01-04} @ 1.20 USD

2000-01-05 * 
  Assets:BankOfBean:JointAccount  -110.00 USD
  Expenses:Bean                    100.00 EUR {1.10 USD, 2000-01-05} @ 1.2 USD
