2000-01-01 open Assets:BankOfBean:[Alice]
2000-01-01 open Assets:BankOfBean:[Bob]
2000-01-01 open Expenses:Bean:[Alice]
2000-01-01 open Expenses:Bean:[Bob]
2000-01-01 open Assets:Receivables:Alice
2000-01-01 open Assets:Receivables:Bob

2000-01-01 * 
  Assets:BankOfBean:[Alice]  -100.00 USD @ 0.8 GBP
  Expenses:Bean:[Bob]          80.00 GBP
  Assets:Receivables:Alice   -80.000 GBP
  Assets:Receivables:Bob       80.00 GBP

2000-01-01 * 
  Assets:BankOfBean:[Alice]  -100.00 USD @ 0.8 GBP
  Expenses:Bean:[Bob]          80.00 GBP
  Assets:Receivables:Alice   -100.00 USD @ 0.8 GBP
  Assets:Receivables:Bob       100.0 USD @ 0.8 GBP

2000-01-01 * 
  Assets:BankOfBean:[Alice]  -50.00 USD @ 0.8 GBP
  Expenses:Bean:[Alice]       80.00 GBP
  Assets:BankOfBean:[Bob]    -50.00 USD @ 0.8 GBP
  Assets:Receivables:Alice    50.00 USD @ 0.8 GBP
  Assets:Receivables:Bob     -50.00 USD @ 0.8 GBP

2000-01-01 * 
  Assets:BankOfBean:[Alice]  -100.00 USD @ 0.8 GBP
  Assets:BankOfBean:[Alice]   -10.00 GBP
  Expenses:Bean:[Bob]          90.00 GBP
  Assets:Receivables:Alice   -112.50 USD @ 0.8 GBP
  Assets:Receivables:Bob       112.5 USD @ 0.8 GBP

2000-01-01 * 
  Assets:BankOfBean:[Alice]  -100.00 USD @ 0.8 GBP
  Assets:BankOfBean:[Alice]   -16.00 USD @ 0.75 GBP
  Expenses:Bean:[Alice]        92.00 GBP
